
@misc{spec,
  author = {{SPEC}},
  title = {{Standard Performance Evaluation Corp Benchmarks}},
  howpublished = {http://www.spec.org},
  year = {2014}
}

