
@book{muchnick98,
author = {Muchnick, Steven S.},
title = {Advanced Compiler Design and Implementation},
year = {1998},
isbn = {1558603204},
publisher = {Morgan Kaufmann Publishers Inc.},
address = {San Francisco, CA, USA}
}
