%%%%% Classic Code Size Optimisations

@inproceedings{cocke70,
 author = {Cocke, John},
 title = {Global Common Subexpression Elimination},
 booktitle = {Proceedings of a Symposium on Compiler Optimization},
 year = {1970},
 pages = {20--24},
 publisher = {ACM},
 address = {New York, NY, USA},
}

@article{tanenbaum82,
 author = {Tanenbaum, Andrew S. and van Staveren, Hans and Stevenson, Johan W.},
 title = {Using Peephole Optimization on Intermediate Code},
 journal = {ACM Trans. Program. Lang. Syst.},
 volume = {4},
 number = {1},
 month = jan,
 year = {1982},
 pages = {21--36},
 publisher = {ACM},
 address = {New York, NY, USA},
}

@inproceedings{massalin87,
 author = {Massalin, Henry},
 title = {Superoptimizer: A Look at the Smallest Program},
 booktitle = {Proceedings of the Second International Conference on Architectual Support for Programming Languages and Operating Systems},
 series = {ASPLOS II},
 year = {1987},
 pages = {122--126},
 publisher = {IEEE Computer Society Press},
 address = {Los Alamitos, CA, USA},
}

@article{briggs97,
author = {Briggs, Preston and Cooper, Keith D. and Simpson, L. Taylor},
title = {Value Numbering},
journal = {Software: Practice and Experience},
volume = {27},
number = {6},
pages = {701-724},
year = {1997}
}

%%% Code compression

@inproceedings{ernst97,
 author = {Ernst, Jens and Evans, William and Fraser, Christopher W. and Proebsting, Todd A. and Lucco, Steven},
 title = {Code Compression},
 booktitle = {Proceedings of the ACM SIGPLAN 1997 Conference on Programming Language Design and Implementation},
 series = {PLDI '97},
 year = {1997},
 pages = {358--365},
 publisher = {ACM},
 address = {New York, NY, USA},
}

@article{debray00,
 author = {Debray, Saumya K. and Evans, William and Muth, Robert and De Sutter, Bjorn},
 title = {Compiler Techniques for Code Compaction},
 journal = {ACM Trans. Program. Lang. Syst.},
 volume = {22},
 number = {2},
 month = mar,
 year = {2000},
 pages = {378--415},
 publisher = {ACM},
 address = {New York, NY, USA},
}

@inproceedings{loki04,
  title={Code factoring in {GCC}},
  author={L{\'o}ki, G{\'a}bor and Kiss, {\'A}kos and J{\'a}sz, Judit and Besz{\'e}des, {\'A}rp{\'a}d},
  booktitle={Proceedings of the 2004 GCC Developers' Summit},
  pages={79--84},
  year={2004}
}

@inproceedings{chen03,
author={Chen, Wen Ke and Li, Bengu and Gupta, Rajiv},
editor={Cousot, Radhia},
title={Code Compaction of Matching Single-Entry Multiple-Exit Regions},
booktitle={Static Analysis},
year={2003},
publisher={Springer Berlin Heidelberg},
address={Berlin, Heidelberg},
pages={401--417}
}

@inproceedings{briggs94,
 author = {Briggs, Preston and Cooper, Keith D.},
 title = {Effective Partial Redundancy Elimination},
 booktitle = {Proceedings of the ACM SIGPLAN 1994 Conference on Programming Language Design and Implementation},
 series = {PLDI '94},
 year = {1994},
 location = {Orlando, Florida, USA},
 pages = {159--170},
 numpages = {12},
 publisher = {ACM},
 address = {New York, NY, USA},
}

@INPROCEEDINGS{dreweke07,
author={A. Dreweke and M. Worlein and I. Fischer and D. Schell and T. Meinl and M. Philippsen},
booktitle={International Symposium on Code Generation and Optimization (CGO'07)},
title={Graph-Based Procedural Abstraction},
year={2007},
volume={},
number={},
pages={259-270},
month={March},}

%%%%%%%% Code Size Motivation

@inproceedings{weaver09,
author={V. M. Weaver and S. A. McKee},
booktitle={2009 IEEE International Conference on Computer Design},
title={Code density concerns for new architectures},
year={2009},
volume={},
number={},
pages={459-464},
month={Oct}
}

@inproceedings{edler10,
 author = {Edler von Koch, Tobias J.K. and B\"{o}hm, Igor and Franke, Bj\"{o}rn},
 title = {Integrated Instruction Selection and Register Allocation for Compact Code Generation Exploiting Freeform Mixing of 16- and 32-bit Instructions},
 booktitle = {Proceedings of the 8th Annual IEEE/ACM International Symposium on Code Generation and Optimization},
 series = {CGO '10},
 year = {2010},
 location = {Toronto, Ontario, Canada},
 pages = {180--189},
 numpages = {10},
 publisher = {ACM},
 address = {New York, NY, USA},
}




@InProceedings{plaza18,
author="Plaza, Pedro
and Sancristobal, Elio
and Carro, German
and Castro, Manuel
and Ruiz, Elena",
editor="Auer, Michael E.
and Zutin, Danilo G.",
title="Wireless Development Boards to Connect the World",
booktitle="Online Engineering {\&} Internet of Things",
year="2018",
publisher="Springer International Publishing",
address="Cham",
pages="19--27",
}

@INPROCEEDINGS{varma04,
author={A. Varma and S. S. Bhattacharyya},
booktitle={Proceedings Design, Automation and Test in Europe Conference and Exhibition},
title={{Java}-through-{C} compilation: an enabling technology for {Java} in embedded systems},
year={2004},
volume={3},
number={},
pages={161-166 Vol.3},
month={Feb}
}

@article {auler17,
author = {Auler, Rafael and Millani, Carlos Eduardo and Brisighello, Alexandre and Linhares, Alisson and Borin, Edson},
title = {Handling {IoT} platform heterogeneity with {COISA}, a compact {OpenISA} virtual platform},
journal = {Concurrency and Computation: Practice and Experience},
volume = {29},
number = {22},
pages = {e3932},
year = {2017},
}

@inproceedings{schultz03,
 author = {Schultz, Ulrik Pagh and Burgaard, Kim and Christensen, Flemming Gram and Knudsen, J{\o}rgen Lindskov},
 title = {Compiling {Java} for Low-end Embedded Systems},
 booktitle = {Proceedings of the 2003 ACM SIGPLAN Conference on Language, Compiler, and Tool for Embedded Systems},
 series = {LCTES '03},
 year = {2003},
 isbn = {1-58113-647-1},
 location = {San Diego, California, USA},
 pages = {42--50},
 numpages = {9},
 acmid = {780739},
 publisher = {ACM},
 address = {New York, NY, USA},
 keywords = {Java, compilers, embedded systems, interfaces},
}

@ARTICLE{sehgal12,
author={A. Sehgal and V. Perelman and S. Kuryla and J. Schonwalder},
journal={IEEE Communications Magazine},
title={Management of resource constrained devices in the internet of things},
year={2012},
volume={50},
number={12},
pages={144-149},
month={December}
}

@ARTICLE{keoh14,
author={S. L. Keoh and S. S. Kumar and H. Tschofenig},
journal={IEEE Internet of Things Journal},
title={Securing the Internet of Things: A Standardization Perspective},
year={2014},
volume={1},
number={3},
pages={265-275},
month={June}
}
