
@misc{gcc,
  author = {{Free Software Foundation}},
  title = {{GCC}, the {GNU} Compiler Collection},
  howpublished = {http://gcc.gnu.org},
  year = {2018}
}

@INPROCEEDINGS{llvm,
author={Lattner, C. and Adve, V.},
booktitle={Proceedings of the International Symposium on Code Generation and Optimization (CGO)},
title={{LLVM}: {A} compilation framework for lifelong program analysis transformation},
year={2004},
}

@misc{msvc-icf,
  author = {},
  title = {{Microsoft Visual Studio}. {I}dentical {COMDAT} Folding},
  howpublished = {https://msdn.microsoft.com/en-us/library/bxwfs976.aspx},
  year = {2020}
}

