
@inproceedings{porpodas18a,
 author = {Porpodas, Vasileios and Rocha, Rodrigo C. O. and G\'{o}es, Lu\'{\i}s F. W.},
 title = {Look-ahead {SLP}: Auto-vectorization in the Presence of Commutative Operations},
 booktitle = {Proceedings of the 2018 International Symposium on Code Generation and Optimization},
 series = {CGO 2018},
 year = {2018},
 isbn = {978-1-4503-5617-6},
 location = {Vienna, Austria},
 pages = {163--174},
 numpages = {12},
 publisher = {ACM},
 address = {New York, NY, USA},
}

@inproceedings{porpodas18b,
 author = {{V. Porpodas, R. C. O. Rocha, and L. F. W. G\'{o}es}},
 author_full = {Porpodas, Vasileios and Rocha, Rodrigo C. O. and G\'{o}es, Lu\'{\i}s F. W.},
 title = {{VW-SLP}: Auto-vectorization with Adaptive Vector Width},
 booktitle = {Proceedings of the 27th International Conference on Parallel Architectures and Compilation Techniques},
 series = {PACT '18},
 year = {2018},
 location = {Limassol, Cyprus},
 pages = {12:1--12:15},
 publisher = {ACM},
 address = {New York, NY, USA},
} 

@inproceedings{pohl18,
author={A. Pohl and B. Cosenza and B. Juurlink}, 
booktitle={2018 IEEE International Conference on Cluster Computing (CLUSTER)}, 
title={Cost Modelling for Vectorization on {ARM}}, 
year={2018}, 
volume={}, 
number={}, 
pages={644-645}, 
month={Sept},
}
