@ARTICLE{ravanelli18,
  author={M. {Ravanelli} and P. {Brakel} and M. {Omologo} and Y. {Bengio}},
  journal={IEEE Transactions on Emerging Topics in Computational Intelligence}, 
  title={Light Gated Recurrent Units for Speech Recognition}, 
  year={2018},
  volume={2},
  number={2},
  pages={92-102}
}

@article{cho2014,
  title={On the properties of neural machine translation: Encoder-decoder approaches},
  author={Cho, Kyunghyun and Van Merri{\"e}nboer, Bart and Bahdanau, Dzmitry and Bengio, Yoshua},
  journal={arXiv preprint arXiv:1409.1259},
  year={2014}
}


@INPROCEEDINGS{cummins17,
  author={C. {Cummins} and P. {Petoumenos} and Z. {Wang} and H. {Leather}},
  booktitle={2017 26th International Conference on Parallel Architectures and Compilation Techniques (PACT)},
  title={End-to-End Deep Learning of Optimization Heuristics},
  year={2017},
  volume={},
  number={},
  pages={219-232}
}


@InProceedings{mendis19,
  title = 	 {Ithemal: Accurate, Portable and Fast Basic Block Throughput Estimation using Deep Neural Networks},
  author = 	 {Charith Mendis and Alex Renda and Dr.Saman Amarasinghe and Michael Carbin},
  booktitle = 	 {Proceedings of the 36th International Conference on Machine Learning},
  pages = 	 {4505--4515},
  year = 	 {2019},
  editor = 	 {Kamalika Chaudhuri and Ruslan Salakhutdinov},
  volume = 	 {97},
  series = 	 {Proceedings of Machine Learning Research},
  address = 	 {Long Beach, California, USA},
  month = 	 {09--15 Jun},
  publisher = 	 {PMLR},
}

