
%% Linker ICF

@inproceedings{tallam10,
title	= {Safe {ICF}: Pointer Safe and Unwinding Aware Identical Code Folding in Gold},
author	= {Sriraman Tallam and Cary Coutant and Ian Lance Taylor and Xinliang David Li and Chris Demetriou},
year	= {2010},
booktitle	= {GCC Developers Summit}
}

@inproceedings{kwan12,
author={Doug Kwan and Jing Yu and B. Janakiraman},
booktitle={Proceedings of Technical Program of 2012 VLSI Technology, System and Application},
title={Google's {C/C++} toolchain for smart handheld devices},
year={2012},
volume={},
number={},
pages={1-4},
month={April},}


%% Identical Function Merging

@misc{llvm-fm,
  author = {},
  title = {{The LLVM Compiler Infrastructure}. {MergeFunctions} pass, how it works},
  howpublished = {http://llvm.org/docs/MergeFunctions.html},
  year = {2020}
}

@article{livska14,
  title={Optimizing large applications},
  author={Li{\v{s}}ka, Martin},
  journal={arXiv preprint arXiv:1403.6997},
  year={2014}
}


%% Merging of Similar Functions

@inproceedings{edler14,
 acmid = {2597811},
 address = {New York, NY, USA},
 author = {Edler von Koch, Tobias J.K. and Franke, Bj\"{o}rn and Bhandarkar, Pranav and Dasgupta, Anshuman},
 booktitle = {Proceedings of the 2014 SIGPLAN/SIGBED Conference on Languages, Compilers and Tools for Embedded Systems},
 pages = {85--94},
 publisher = {ACM},
 series = {LCTES '14},
 title = {Exploiting Function Similarity for Code Size Reduction},
 year = {2014}
}

%% All Functions via Sequence Alignment

@inproceedings{rocha19,
 author = {Rocha, Rodrigo C. O. and Petoumenos, Pavlos and Wang, Zheng and Cole, Murray and Leather, Hugh},
 title = {Function Merging by Sequence Alignment},
 booktitle = {Proceedings of the 2019 IEEE/ACM International Symposium on Code Generation and Optimization},
 series = {CGO 2019},
 year = {2019},
 pages = {149--163},
 publisher = {IEEE Press},
 address = {Piscataway, NJ, USA},
} 



