
%% Low-end mobile phones


@article{etzo10,
author = {Etzo, Sebastiana and Collender, Guy},
title = {The mobile phone ‘revolution’ in {Africa}: Rhetoric or reality?},
journal = {African Affairs},
volume = {109},
number = {437},
pages = {659-668},
year = {2010},
}
@article{hart02,
author={Hart,Stuart L. and Christensen,Clayton M.},
year={2002},
month={Fall},
title={The great leap: Driving innovation from the base of the pyramid},
journal={MIT Sloan Management Review},
volume={44},
number={1},
pages={51-56},
}

@article{hahm16,
  TITLE = {{Operating Systems for Low-End Devices in the Internet of Things: a Survey}},
  AUTHOR = {Hahm, Oliver and Baccelli, Emmanuel and Petersen, Hauke and Tsiftes, Nicolas},
  JOURNAL = {{IEEE Internet of Things Journal}},
  PUBLISHER = {{IEEE}},
  VOLUME = {3},
  NUMBER = {5},
  PAGES = {720-734},
  YEAR = {2016},
  MONTH = Oct,
}

@misc{androidGo,
  title={{Android Oreo Go} edition.},
  url={android.com/versions/oreo-8-0/go-edition/},
  note = {}
}
