
@article{hirschberg75,
 author = {Hirschberg, D. S.},
 title = {A Linear Space Algorithm for Computing Maximal Common Subsequences},
 journal = {Commun. ACM},
 volume = {18},
 number = {6},
 month = jun,
 year = {1975},
 pages = {341--343},
 numpages = {3},
 publisher = {ACM},
 address = {New York, NY, USA},
}

@article{maier78,
 author = {Maier, David},
 title = {The Complexity of Some Problems on Subsequences and Supersequences},
 journal = {J. ACM},
 volume = {25},
 number = {2},
 month = apr,
 year = {1978},
 pages = {322--336},
 numpages = {15},
 publisher = {ACM},
 address = {New York, NY, USA},
}

@article{carrillo88,
 author = {Carrillo, Humberto and Lipman, David},
 title = {The Multiple Sequence Alignment Problem in Biology},
 journal = {SIAM J. Appl. Math.},
 volume = {48},
 number = {5},
 month = oct,
 year = {1988},
 pages = {1073--1082},
 numpages = {10},
 publisher = {Society for Industrial and Applied Mathematics},
 address = {Philadelphia, PA, USA},
}


@article{smith81,
title = "Identification of common molecular subsequences",
journal = "Journal of Molecular Biology",
volume = "147",
number = "1",
pages = "195 - 197",
year = "1981",
author = "T.F. Smith and M.S. Waterman"
}

@article{needleman70,
title = "A general method applicable to the search for similarities in the amino acid sequence of two proteins",
journal = "Journal of Molecular Biology",
volume = "48",
number = "3",
pages = "443 - 453",
year = "1970",
author = "Saul B. Needleman and Christian D. Wunsch"
}


@article{wang94,
author = {Wang, Lusheng and Jiang, Tao},
title = {On the Complexity of Multiple Sequence Alignment},
journal = {Journal of Computational Biology},
volume = {1},
number = {4},
pages = {337-348},
year = {1994},
}


@inproceedings{hickey11,
 author = {Hickey, Glenn and Blanchette, Mathieu},
 title = {A Probabilistic Model for Sequence Alignment with Context-sensitive Indels},
 booktitle = {Proceedings of the 15th Annual International Conference on Research in Computational Molecular Biology},
 series = {RECOMB'11},
 year = {2011},
 pages = {85--103},
 numpages = {19},
 publisher = {Springer-Verlag},
 address = {Berlin, Heidelberg},
}

@article{higgins89,
  title={Fast and sensitive multiple sequence alignments on a microcomputer},
  author={Higgins, Desmond G and Sharp, Paul M},
  journal={Bioinformatics},
  volume={5},
  number={2},
  pages={151--153},
  year={1989},
  publisher={Oxford University Press}
}

@article{zhang20covid19,
title = "Probable Pangolin Origin of SARS-CoV-2 Associated with the COVID-19 Outbreak",
journal = "Current Biology",
volume = "30",
number = "7",
pages = "1346 - 1351.e2",
year = "2020",
issn = "0960-9822",
author = "Tao Zhang and Qunfu Wu and Zhigang Zhang",
keywords = "pangolin, SARS-CoV-2, COVID-19, origin",
}

@book{mount05book,
  title={Bioinformatics: Sequence and Genome Analysis},
  author={David W. Mount},
  volume={564},
  year={2001},
  publisher={Cold Spring Harbor, NY: Cold Spring Harbor Laboratory Press}
}

@article{kruskal83,
author = {Kruskal, Joseph B.},
title = {An Overview of Sequence Comparison: Time Warps, String Edits, and Macromolecules},
journal = {SIAM Review},
volume = {25},
number = {2},
pages = {201-237},
year = {1983},
doi = {10.1137/1025045},
}






@article{aasland68,
title = {A One-Letter Notation for Amino Acid Sequences},
author = {Aasland, Rein and Abrams, Charles and Ampe, Christophe and Ball, Linda J. and Bedford, Mark T. and Cesareni, Gianni and Gimona, Mario and Hurley, James H. and Jarchau, Thomas and Lehto, VP and Lemmon, MA and Linding, R and Mayer, BJ and Nagai, M and Sudol, M and Walter, U and Winder, SJ},
journal = {European Journal of Biochemistry},
volume = {5},
number = {2},
pages = {151-153},
doi = {10.1111/j.1432-1033.1968.tb00350.x},
year = {1968}
}


@article{lee02,
    author = {Lee, Christopher and Grasso, Catherine and Sharlow, Mark F.},
    title = "{Multiple sequence alignment using partial order graphs }",
    journal = {Bioinformatics},
    volume = {18},
    number = {3},
    pages = {452-464},
    year = {2002},
    month = {03},
    issn = {1367-4803},
    doi = {10.1093/bioinformatics/18.3.452},
}


